|0000|016|0|01112022|30112022|MUNDOKAR PECAS E SERVICOS AUTOMOTORES LTDA|08817253000164||CE|069339589|0|21109||B|1|
|0001|0|
|0005|MUNDOKAR|63260000|PREFEITO JOAO INACIO DE LUCENA|236|LOJA|CENTRO|883531-0283||MK_AUTOMOTORES@HOTMAIL.COM|
|0100|MICHELLY LEITE DE ALMEIDA|02407097483|018296O7|16732219000115|63260000|RUA 26 DE AGOSTO|189||CENTRO|8835310283||aldoleitecontabilidade@hotmail.com|2302503|
|0150|5|PADRE CICERO AUTO PECAS  01|1058|07965809000105||068031270|||PROFESSOR GOMES DE MATOS|1368||MONTESE|
|0150|9|BEZERRA & OLIVEIRA|1058|07221070000119||061020605|||PRINCESA ISABEL|1185||CENTRO|
|0150|223|AUTO PECAS PE CICERO LT-F4|1058|07965809000520||069674914|||PROFESSOR GOMES DE MATOS|1337||MONTESE|
|0150|281|BEZERRA & OLIV. COM. DA. PECAS-L12|1058|07221070001433||069428689|||LEAO SAMPAIO|4555||MATA DOS LIMA|
|0150|308|FREIRE E ALECAR COMERCIO DE PECAS PARA MOTOS LTDA|1058|18343219000159||065167457|||PREFEITO JOAO INACIO DE LUCENA|226|ZF MOTOS|CENTRO|
|0150|312|DSL DISTRIBUIDORA|1058|04522065000158||063125587|||ANEL VIARIO|2091||ANCURI|
|0150|313|NOVALUZ SUL VEICULOS E PECAS LTDA|1058|15200489000112||069339589||||3017||TRIANGULO|
|0990|12|
|B001|1|
|B990|2|
|C001|0|
|C100|0|1|281|55|08|1|000083641|23221107221070001433550010000836411664756755|03112022|03112022|184,03|2||0|184,03|0|0|0|0|0|0|0|0|0|||||
|C190|060|1403||184,03|0|0|0|0|0|0||
|C100|0|1|313|55|08|0|000004095|23221115200489000112550000000040951087741847|04112022|04112022|736,11|2||0|736,11|0|0|0|0|0|0|0|0|0|||||
|C190|060|1403||736,11|0|0|0|0|0|0||
|C100|0|1|281|55|08|1|000083781|23221107221070001433550010000837811830566451|04112022|04112022|232,93|2||0|232,93|0|0|0|0|0|0|0|0|0|||||
|C190|060|1403||232,93|0|0|0|0|0|0||
|C100|0|1|281|55|08||000084308|23221107221070001433550010000843081746633880|09112022|09112022|108,56|2||0|108,56|0|0|0|0|0|0|0|0|0|||||
|C190|060|1405||108,56|0|0|0|0|0|0||
|C100|0|1|5|55|08|001|005524953|23221107965809000520550010055249531971607883|10112022|10112022|157,86|2||0|157,86|0|0|0|0|0|0|0|0|0|||||
|C190|060|1403||157,86|0|0|0|0|0|0||
|C100|0|1|9|55|08|1|003086520|23221107221070000119550010030865201450238028|14112022|14112022|145,32|2||0|145,32|0|0|0|0|0|0|0|0|0|||||
|C190|060|1403||145,32|0|0|0|0|0|0||
|C100|0|1|9|55|08|1|003086239|23221107221070000119550010030862391615345530|14112022|14112022|1187,61|2||0|1142,61|0|45|0|0|0|0|0|0|0|||||
|C190|060|1403||1187,61|0|0|0|0|0|0||
|C100|0|1|308|55|08|1|000000404|23221118343219000159550010000004041000014047|16112022|16112022|31,8|2||0|31,8|0|0|0|0|0|0|0|0|0|||||
|C190|060|1405||31,8|0|0|0|0|0|0||
|C100|0|1|9|55|08|1|003088974|23221107221070000119550010030889741873267619|18112022|18112022|765,88|2||0|720,88|0|45|0|0|0|0|0|0|0|||||
|C190|060|1403||765,88|0|0|0|0|0|0||
|C100|0|1|223|55|08|1|005543711|23221107965809000520550010055437111245655409|29112022|29112022|342,64|2||0|342,64|0|0|0|0|0|0|0|0|0|||||
|C190|060|1403||342,64|0|0|0|0|0|0||
|C100|0|1|312|55|08|1|2021570|23221104522065000158550010020215701177598111|30112022|30112022|1361,6|2||0|1311,6|0|50|0|0|0|0|0|0|0|||||
|C190|060|1403||1361,6|0|0|0|0|0|0||
|C860|59|230169947|01112022|2501|2507|
|C890|500|5403|0|730|0|0||
|C860|59|230169947|03112022|2508|2511|
|C890|500|5403|0|308|0|0||
|C860|59|230169947|04112022|2512|2514|
|C890|500|5403|0|80|0|0||
|C860|59|230169947|05112022|2515|2517|
|C890|500|5403|0|740|0|0||
|C860|59|230169947|07112022|2518|2523|
|C890|500|5403|0|241|0|0||
|C860|59|230169947|08112022|2524|2529|
|C890|500|5403|0|333|0|0||
|C860|59|230169947|09112022|2530|2537|
|C890|500|5403|0|687|0|0||
|C860|59|230169947|10112022|2541|2541|
|C890|500|5403|0|38|0|0||
|C860|59|230169947|11112022|2542|2550|
|C890|500|5403|0|1630,6|0|0||
|C860|59|230169947|12112022|2551|2552|
|C890|500|5403|0|357|0|0||
|C860|59|230169947|14112022|2556|2558|
|C890|500|5403|0|95|0|0||
|C860|59|230169947|16112022|2559|2563|
|C890|500|5403|0|8519,1|0|0||
|C860|59|230169947|17112022|2564|2565|
|C890|500|5403|0|1420,7|0|0||
|C860|59|230169947|18112022|2566|2568|
|C890|500|5403|0|253|0|0||
|C860|59|230169947|19112022|2572|2583|
|C890|500|5403|0|707|0|0||
|C860|59|230169947|21112022|2584|2584|
|C890|500|5403|0|120|0|0||
|C860|59|230169947|22112022|2585|2594|
|C890|500|5403|0|4012,3|0|0||
|C860|59|230169947|23112022|2595|2599|
|C890|500|5403|0|567,8|0|0||
|C860|59|230169947|24112022|2603|2607|
|C890|500|5403|0|82|0|0||
|C860|59|230169947|25112022|2608|2608|
|C890|500|5403|0|90|0|0||
|C860|59|230169947|28112022|2609|2609|
|C890|500|5403|0|44|0|0||
|C860|59|230169947|29112022|2610|2612|
|C890|500|5403|0|183,45|0|0||
|C860|59|230169947|30112022|2613|2617|
|C890|500|5403|0|261|0|0||
|C990|70|
|D001|1|
|D990|2|
|E001|0|
|E100|01112022|30112022|
|E110|0|0|0|0|0|0|0|0|0|0|0|0|0|0|
|E990|4|
|G001|1|
|G990|2|
|H001|1|
|H990|2|
|K001|1|
|K990|2|
|1001|0|
|1010|N|N|N|N|N|N|N|N|N|N|N|N|N|
|1990|3|
|9001|0|
|9900|0000|1|
|9900|0001|1|
|9900|0005|1|
|9900|0100|1|
|9900|0150|7|
|9900|0990|1|
|9900|B001|1|
|9900|B990|1|
|9900|C001|1|
|9900|C100|11|
|9900|C190|11|
|9900|C860|23|
|9900|C890|23|
|9900|C990|1|
|9900|D001|1|
|9900|D990|1|
|9900|E001|1|
|9900|E100|1|
|9900|E110|1|
|9900|E990|1|
|9900|G001|1|
|9900|G990|1|
|9900|H001|1|
|9900|H990|1|
|9900|K001|1|
|9900|K990|1|
|9900|1001|1|
|9900|1010|1|
|9900|1990|1|
|9900|9001|1|
|9900|9990|1|
|9900|9999|1|
|9900|9900|33|
|9990|36|
|9999|135|
